@online{site:dzone,
    title   = {Design patterns for microservices},
    url     = {https://dzone.com}
}

@online{site:codingjam,
    title   = {Microservices in Spring Cloud},
    url     = {https://codingjam.it}
}

@online{site:springio,
    title   = {Spring},
    url     = {https://spring.io}
}

@online{site:wikipedia,
    title   = {Wikipedia},
    url     = {https://it.wikipedia.org}
}

@online{site:cabibbo,
    title   = {IEEE},
    url     = {http://cabibbo.dia.uniroma3.it}
}

@online{site:cardin,
    title   = {Ingegneria del Software},
    url     = {https://www.math.unipd.it/~rcardin/sweb/2019}
}

@online{site:microservicesio,
    title   = {Patterns for microservices},
    url     = {https://microservices.io}
}

@online{site:smartbear,
    title   = {Microservices},
    url     = {https://smartbear.com}
}

@online{site:martinfowler,
    title   = {Circuit Breaker pattern},
    url     = {https://martinfowler.com}
}

@online{site:monolithic-architecture,
    title   = {Fonte immagine, architettura monolitica},
    url     = {https://www.sam-solutions.com}
}

@online{site:angulario,
    title   = {Angular},
    url     = {https://angular.io}
}

@online{site:microservices-architecture,
    title   = {Fonte immagine, architettura a microservizi},
    url     = {https://www.sam-solutions.com}
}

@online{site:fonte-api-gateway,
    title   = {Fonte immagine, API Gateway},
    url     = {https://microservices.io/patterns/microservices.html}
}

@online{site:fonte-saga,
    title   = {Fonte immagine, Saga pattern},
    url     = {https://commons.wikimedia.org}
}

@online{site:fonte-service-registry,
    title   = {Fonte immagine, Service Registry pattern},
    url     = {https://auth0.com}
}

@online{site:fonte-circuit-breaker,
    title   = {Fonte immagine, Circuit Breaker pattern},
    url     = {https://dotnetvibes.com}
}

@online{site:fonte-netflix-eureka,
    title   = {Fonte immagine, Netflix Eureka},
    url     = {https://howtodoinjava.com/spring-cloud}
}

@online{site:fonte-netflix-hystrix,
    title   = {Fonte immagine, Netflix Hystrix},
    url     = {https://cloud.spring.io}
}

@online{site:fonte-netflix-zuul,
    title   = {Fonte immagine, Netflix Zuul},
    url     = {https://github.com/Netflix/zuul/wiki}
}

@online{site:fonte-message-broker,
    title   = {Fonte immagine, Message Broker},
    url     = {https://www.researchgate.net}
}